%% the only reference we ever need
@article{Hudspith:2014oja,
	archiveprefix = "arXiv",
	author = "Hudspith, R.J.",
	collaboration = "RBC, UKQCD",
	doi = "10.1016/j.cpc.2014.10.017",
	eprint = "1405.5812",
	journal = "Comput.Phys.Commun.",
	pages = "115â€“119",
	primaryclass = "hep-lat",
	slaccitation = "%\%CITATION = ARXIV:1405.5812;\%\%",
	title = "{Fourier Accelerated Conjugate Gradient Lattice Gauge Fixing}",
	volume = "187",
	year = "2014"
}